@book{xie2013,
  title={Dynamic Documents with R and knitr},
  author={Yihui Xie},
  year={2013},
  note={{ISBN} 9781482203530},
  publisher={Chapman \& Hall/CRC}
}
